<?xml version='1.0' encoding='UTF-8'?>
<record xmlns="http://www.loc.gov/MARC21/slim">
  <leader>01325cam a2200265   4500</leader>
  <controlfield tag="001">1475312</controlfield>
  <controlfield tag="003">NjP</controlfield>
  <controlfield tag="005">20170905111248.0</controlfield>
  <controlfield tag="008">900912s1965    iq a     b    000 0 arar </controlfield>
  <datafield tag="024" ind1="7" ind2=" ">
    <subfield code="a">princeton_aco002332</subfield>
    <subfield code="2">local</subfield>
  </datafield>
  <datafield ind1=" " ind2=" " tag="010">
    <subfield code="a">   73208388 /NE </subfield>
  </datafield>
  <datafield ind1=" " ind2=" " tag="035">
    <subfield code="a">(OCoLC)ocm22364204</subfield>
  </datafield>
  <datafield ind1=" " ind2=" " tag="035">
    <subfield code="9">CEN0610TS</subfield>
  </datafield>
  <datafield ind1=" " ind2=" " tag="035">
    <subfield code="a">1475312</subfield>
  </datafield>
  <datafield ind1=" " ind2=" " tag="040">
    <subfield code="a">DLC</subfield>
    <subfield code="c">WAU</subfield>
    <subfield code="d">WAU</subfield>
    <subfield code="d">PUL</subfield>
  </datafield>
  <datafield ind1="0" ind2=" " tag="050">
    <subfield code="a">DS324.K49</subfield>
    <subfield code="b">S37</subfield>
  </datafield>
  <datafield ind1="1" ind2=" " tag="100">
    <subfield code="a">Shubbar, Jāsim Ḥasan.</subfield>
  </datafield>
  <datafield ind1="1" ind2="0" tag="245">
    <subfield code="a">Tārikh al-Mushaʻshaʻīyīn wa-tarājim iʻlāmihim,</subfield>
    <subfield code="b">yataḍammana tārīkh al-dawlah al-Mushaʻshaʻīyah fī ʻArabistān wa-al-ʻIrāq mundhu bidāyatihā ḥattá nihāyat ḥukmihā, wa-mā lahum min al-ḥawādith al-hāmmah allatī ahmalahā al-tārīkh, wa-kashf baʻḍa al-ḥaqāʾiq al-taʾrīkhīyah allati tamassu ḥayātahum al-fikrīyah wa-al-siyāsīyah.</subfield>
    <subfield code="c">[Taʾlīf] Jāsim Ḥasan Shubbar.</subfield>
  </datafield>
  <datafield ind1=" " ind2=" " tag="260">
    <subfield code="a">[al-Najaf,</subfield>
    <subfield code="b">Maṭbaʻat al-Ādāb,</subfield>
    <subfield code="c">1965]</subfield>
  </datafield>
  <datafield ind1=" " ind2=" " tag="300">
    <subfield code="a">354 p.</subfield>
    <subfield code="b">illus.</subfield>
    <subfield code="c">24 cm.</subfield>
  </datafield>
  <datafield ind1=" " ind2=" " tag="500">
    <subfield code="a">Cover title: History of Mushashiyyin &amp; translation of their religious men [by] Jassim Hasan Shubbar.</subfield>
  </datafield>
  <datafield ind1=" " ind2=" " tag="504">
    <subfield code="a">Bibliography: p. 315-318.</subfield>
  </datafield>
  <datafield ind1=" " ind2="0" tag="650">
    <subfield code="a">Mushaʻshaʻids.</subfield>
    <subfield code="0">http://id.loc.gov/authorities/subjects/sh85088746</subfield>
  </datafield>
  <datafield ind1="0" ind2=" " tag="740">
    <subfield code="a">Mushaʻshaʻīyīn.</subfield>
  </datafield>
  <datafield ind1=" " ind2=" " tag="947">
    <subfield code="a">CEN0610</subfield>
  </datafield>
  <datafield ind1=" " ind2=" " tag="911">
    <subfield code="a">20000130</subfield>
  </datafield>
  <datafield ind1="0" ind2="0" tag="852">
    <subfield code="0">1690718</subfield>
    <subfield code="b">nec</subfield>
    <subfield code="t">0</subfield>
    <subfield code="h">DS324.K49</subfield>
    <subfield code="i">S37 1965</subfield>
  </datafield>
  <datafield ind1=" " ind2=" " tag="959">
    <subfield code="a">2000-06-13 00:00:00 -0400</subfield>
  </datafield>
</record>
